@article{enunciado,
	author = "Ribeiro AN",
	title = {Projeto Prático de Programação Orientada aos Objectos, LEI e LCC},
	publisher = {Universidade do Minho},
	year = {2014},
}

@article{tree-adelson-62,
    annote = {also available in translation as U.S. Dept. of Commerce OTS, JPRS 17,137; and as NASA Document N63-11777},
    author = "Adelson-Velsky G. M.; Landis E. M.",
    journal = {Doklady Akademii Nauk USSR},
    number = {2},
    pages = {263--266},
    title = {{An Algorithm for the Organization of Information}},
    volume = {146},
    year = {1962}
}

@misc{freeCode,
  author = "nagydani (avatar)",
  title = {AVL C Library},
  note = "[Acedido em abril de 2014]",
  howpublished = "\url{http://freecode.com/projects/avl}"
}

@misc{wikiHeaps,
  author = "Wikipedia",
  title = {Binary heap},
  note = "[Acedido em abril de 2014]",
  howpublished = "\url{http://en.wikipedia.org/wiki/Binary_heap}"
}

@misc{wikiHash,
  author = "Wikipedia",
  title = {Hash table},
  note = "[Acedido em abril de 2014]",
  howpublished = "\url{http://en.wikipedia.org/wiki/Hash_table}"
}
